
        @article{osmaisprocurados,
            author = {Pedro Falardo} ,
            title = {Esquivos, dissimulados, cruéis: 7 dos criminosos mais procurados do mundo},
            journal = {CNN},
            year = {2021},
            note= "[Online; acedido em outubro de 2024]"
        }

        @article{osmaisnotaveis,
            author = {Kaspersky LAB},
            title = {Top 10 Most Notorious Hackers of All Time},
            journal = {Kaspersky},
            year = {2024},
            note= "[Online; acedido em outubro de 2024]"
        }

        @techreport{maksimprocurado,
            author = {U.S. DEPARTMENT OF STATE},
            title = {Reward for Information: Maksim Viktorovich Yakubets},
            institution = {FBI},
            note = "[Online; acedido em outubro de 2024]"
        }

        @article{adolescentecia,
            author = {O Globo},
            title = {Adolescente de 16 anos é preso suspeito de hackear CIA, NSA e FBI},
            journal = {O Globo},
            year =  {2016},
            note = "[Online; acedido em outubro de 2024]"
        }

        @article{presocia,
            author = {Da Redação},
            title = {Jovem britânico é preso suspeito de hackear chefe da CIA},
            journal = {Exame},
            year = {2016},
            note = "[Online; acedido em outubro de 2024]"
        }
        @article{newyorktimes,
            author = {Riva Richmond},
            title = {Web Gang Operating in the Open},
            journal = {New York Times},
            year = {2012},
            note = "[Online; acedido em outubro de 2024]"
        }
        @techreport{fbi,
            author = {FBI},
            title = {FBI TEN MOST WANTED FUGITIVE},
            institution = {FBI},
            note = "[Online; acedido em outubro de 2024]"
        }
        @article{coreia,
            author = {Desconhecido},
            title = {Os hackers norte-coreanos que tentam roubar segredos nucleares e militares},
            journal = {BBC News},
            year = {2024},
            note = "[Online; acedido em outubro de 2024]"
        }
        @article{jonathanjames,
            author = {Cybergirl},
            title = {The Boy Who Hacked NASA : The Tragic Life of Jonathan James},
            journal = {Medium},
            year = {2023},
            note = "[Online; acedido em outubro de 2024]"
        }
        @article{desconhecido,
            author = {Desconhecido},
            title = {Jonathan James – The teenager who hacked NASA for fun},
            journal = {Black Hat},
            year = {2021},
            note = "[Online; acedido em outubro de 2024]"
        }
        @article{ataques,
            author = {Microsoft},
            title = {Relatório de Defesa Digital da Microsoft: fraudes de suporte técnico disparam 400\% desde 2022},
            journal = {Microsoft},
            year = {2024},
            note = "[Online; acedido em outubro de 2024]"
        }
        @techreport{estatistica,
            author = {Identity Theft},
            title = {Breach Trends},
            institution = {Identity Theft},
            note = "[Online; acedido em outubro de 2024]"
        }
        @article{crimesciberneticos,
            author = {Paulo Baldin},
            title = {Crimes cibernéticos, o que são, 3 exemplos e como se proteger}, 
            journal = {itshow},
            year = {2024},
            note = "[Online; acedido em outubro de 2024]"
        }
        @article{exame,
            author = {Huawei},
            title = {“O número de ciberataques tem crescido 20\% ao ano”, diz a Huawei},
            journal = {Exame},
            year = {2024},
            note = "[Online; acedido em outubro de 2024]"
        }